%YAML 1.1
%TAG !u! tag:unity3d.com,2011:
--- !u!1 &2503895281332762023
GameObject:
  m_ObjectHideFlags: 0
  m_CorrespondingSourceObject: {fileID: 0}
  m_PrefabInstance: {fileID: 0}
  m_PrefabAsset: {fileID: 0}
  serializedVersion: 6
  m_Component:
  - component: {fileID: 1585971078907175636}
  m_Layer: 2
  m_Name: SpawnPoint
  m_TagString: Untagged
  m_Icon: {fileID: -5397416234189338067, guid: 0000000000000000d000000000000000, type: 0}
  m_NavMeshLayer: 0
  m_StaticEditorFlags: 0
  m_IsActive: 1
--- !u!4 &1585971078907175636
Transform:
  m_ObjectHideFlags: 0
  m_CorrespondingSourceObject: {fileID: 0}
  m_PrefabInstance: {fileID: 0}
  m_PrefabAsset: {fileID: 0}
  m_GameObject: {fileID: 2503895281332762023}
  m_LocalRotation: {x: -0, y: 1, z: -0, w: -0.000000104308114}
  m_LocalPosition: {x: 2.99, y: -0.389, z: 0.28}
  m_LocalScale: {x: 1, y: 1, z: 1}
  m_Children: []
  m_Father: {fileID: 6662736993729189745}
  m_RootOrder: 0
  m_LocalEulerAnglesHint: {x: 0, y: 179.99998, z: 0}
--- !u!1 &4709957415542556460
GameObject:
  m_ObjectHideFlags: 0
  m_CorrespondingSourceObject: {fileID: 0}
  m_PrefabInstance: {fileID: 0}
  m_PrefabAsset: {fileID: 0}
  serializedVersion: 6
  m_Component:
  - component: {fileID: 6662736993729189745}
  - component: {fileID: 1687431912233802564}
  - component: {fileID: 6168117753835201847}
  - component: {fileID: 160303263031408975}
  m_Layer: 2
  m_Name: Portal
  m_TagString: Untagged
  m_Icon: {fileID: 0}
  m_NavMeshLayer: 0
  m_StaticEditorFlags: 0
  m_IsActive: 1
--- !u!4 &6662736993729189745
Transform:
  m_ObjectHideFlags: 0
  m_CorrespondingSourceObject: {fileID: 0}
  m_PrefabInstance: {fileID: 0}
  m_PrefabAsset: {fileID: 0}
  m_GameObject: {fileID: 4709957415542556460}
  m_LocalRotation: {x: 0, y: 0, z: 0, w: 1}
  m_LocalPosition: {x: -49.149624, y: 1.2065336, z: -55.47369}
  m_LocalScale: {x: 1, y: 1, z: 1}
  m_Children:
  - {fileID: 1585971078907175636}
  m_Father: {fileID: 0}
  m_RootOrder: 0
  m_LocalEulerAnglesHint: {x: 0, y: 0, z: 0}
--- !u!54 &1687431912233802564
Rigidbody:
  m_ObjectHideFlags: 0
  m_CorrespondingSourceObject: {fileID: 0}
  m_PrefabInstance: {fileID: 0}
  m_PrefabAsset: {fileID: 0}
  m_GameObject: {fileID: 4709957415542556460}
  serializedVersion: 2
  m_Mass: 1
  m_Drag: 0
  m_AngularDrag: 0.05
  m_UseGravity: 0
  m_IsKinematic: 1
  m_Interpolate: 0
  m_Constraints: 0
  m_CollisionDetection: 0
--- !u!65 &6168117753835201847
BoxCollider:
  m_ObjectHideFlags: 0
  m_CorrespondingSourceObject: {fileID: 0}
  m_PrefabInstance: {fileID: 0}
  m_PrefabAsset: {fileID: 0}
  m_GameObject: {fileID: 4709957415542556460}
  m_Material: {fileID: 0}
  m_IsTrigger: 1
  m_Enabled: 1
  serializedVersion: 2
  m_Size: {x: 2.6538782, y: 1, z: 3.387803}
  m_Center: {x: 0.27816537, y: 0, z: 0.3461121}
--- !u!114 &160303263031408975
MonoBehaviour:
  m_ObjectHideFlags: 0
  m_CorrespondingSourceObject: {fileID: 0}
  m_PrefabInstance: {fileID: 0}
  m_PrefabAsset: {fileID: 0}
  m_GameObject: {fileID: 4709957415542556460}
  m_Enabled: 1
  m_EditorHideFlags: 0
  m_Script: {fileID: 11500000, guid: 579b2663610689745b26d75d47922f9f, type: 3}
  m_Name: 
  m_EditorClassIdentifier: 
  DestinationPoint: 1
  sceneLoaded: 1
  spawnPoint: {fileID: 2503895281332762023}
  fadeOutTime: 0.5
  fadeInTime: 2
  fadeWaitTime: 0.5
