%YAML 1.1
%TAG !u! tag:unity3d.com,2011:
--- !u!1 &2138957189500382253
GameObject:
  m_ObjectHideFlags: 0
  m_CorrespondingSourceObject: {fileID: 0}
  m_PrefabInstance: {fileID: 0}
  m_PrefabAsset: {fileID: 0}
  serializedVersion: 6
  m_Component:
  - component: {fileID: 5867492539441411029}
  - component: {fileID: 8265052929330681574}
  m_Layer: 0
  m_Name: Spot Light
  m_TagString: Untagged
  m_Icon: {fileID: 0}
  m_NavMeshLayer: 0
  m_StaticEditorFlags: 0
  m_IsActive: 0
--- !u!4 &5867492539441411029
Transform:
  m_ObjectHideFlags: 0
  m_CorrespondingSourceObject: {fileID: 0}
  m_PrefabInstance: {fileID: 0}
  m_PrefabAsset: {fileID: 0}
  m_GameObject: {fileID: 2138957189500382253}
  m_LocalRotation: {x: 1, y: 0, z: 0, w: 0}
  m_LocalPosition: {x: 0.011, y: 1.556, z: 0.419}
  m_LocalScale: {x: 1, y: 1, z: 1}
  m_Children: []
  m_Father: {fileID: 2847521188741663025}
  m_RootOrder: 5
  m_LocalEulerAnglesHint: {x: 180, y: 0, z: 0}
--- !u!108 &8265052929330681574
Light:
  m_ObjectHideFlags: 0
  m_CorrespondingSourceObject: {fileID: 0}
  m_PrefabInstance: {fileID: 0}
  m_PrefabAsset: {fileID: 0}
  m_GameObject: {fileID: 2138957189500382253}
  m_Enabled: 1
  serializedVersion: 8
  m_Type: 0
  m_Color: {r: 1, g: 0.93365204, b: 0.6650944, a: 1}
  m_Intensity: 2
  m_Range: 2
  m_SpotAngle: 137
  m_CookieSize: 10
  m_Shadows:
    m_Type: 0
    m_Resolution: -1
    m_CustomResolution: -1
    m_Strength: 1
    m_Bias: 0.05
    m_NormalBias: 0.4
    m_NearPlane: 0.2
  m_Cookie: {fileID: 0}
  m_DrawHalo: 0
  m_Flare: {fileID: 0}
  m_RenderMode: 0
  m_CullingMask:
    serializedVersion: 2
    m_Bits: 4294967295
  m_Lightmapping: 4
  m_LightShadowCasterMode: 0
  m_AreaSize: {x: 1, y: 1}
  m_BounceIntensity: 1
  m_ColorTemperature: 6570
  m_UseColorTemperature: 0
  m_ShadowRadius: 0
  m_ShadowAngle: 0
--- !u!54 &716071850803750372
Rigidbody:
  m_ObjectHideFlags: 0
  m_CorrespondingSourceObject: {fileID: 0}
  m_PrefabInstance: {fileID: 0}
  m_PrefabAsset: {fileID: 0}
  m_GameObject: {fileID: 178343906047528498}
  serializedVersion: 2
  m_Mass: 1
  m_Drag: 0
  m_AngularDrag: 0.05
  m_UseGravity: 0
  m_IsKinematic: 0
  m_Interpolate: 0
  m_Constraints: 0
  m_CollisionDetection: 0
--- !u!136 &1677681208911101442
CapsuleCollider:
  m_ObjectHideFlags: 0
  m_CorrespondingSourceObject: {fileID: 0}
  m_PrefabInstance: {fileID: 0}
  m_PrefabAsset: {fileID: 0}
  m_GameObject: {fileID: 178343906047528498}
  m_Material: {fileID: 0}
  m_IsTrigger: 0
  m_Enabled: 1
  m_Radius: 0.35
  m_Height: 2.0212297
  m_Direction: 1
  m_Center: {x: 0, y: 0.9888892, z: 0}
--- !u!114 &114826773910032592
MonoBehaviour:
  m_ObjectHideFlags: 0
  m_CorrespondingSourceObject: {fileID: 0}
  m_PrefabInstance: {fileID: 0}
  m_PrefabAsset: {fileID: 0}
  m_GameObject: {fileID: 178343906047528498}
  m_Enabled: 1
  m_EditorHideFlags: 0
  m_Script: {fileID: 11500000, guid: 79a3ce6a660f80e47bba01b883476fa6, type: 3}
  m_Name: 
  m_EditorClassIdentifier: 
--- !u!114 &2608603500268725294
MonoBehaviour:
  m_ObjectHideFlags: 0
  m_CorrespondingSourceObject: {fileID: 0}
  m_PrefabInstance: {fileID: 0}
  m_PrefabAsset: {fileID: 0}
  m_GameObject: {fileID: 178343906047528498}
  m_Enabled: 1
  m_EditorHideFlags: 0
  m_Script: {fileID: 11500000, guid: 5062db3cc34cd4345bbd19925fb4332d, type: 3}
  m_Name: 
  m_EditorClassIdentifier: 
  minSpeed: 1.6
  maxSpeed: 4
  chaseDistance: 5
  suspicionTime: 3
  agroCooldownTime: 5
  patrolPath: {fileID: 0}
  waypointTollerance: 1
  waypointDwellTime: 3
  shoutDistance: 5
  InCombat: 0
--- !u!114 &8796845494719789545
MonoBehaviour:
  m_ObjectHideFlags: 0
  m_CorrespondingSourceObject: {fileID: 0}
  m_PrefabInstance: {fileID: 0}
  m_PrefabAsset: {fileID: 0}
  m_GameObject: {fileID: 178343906047528498}
  m_Enabled: 1
  m_EditorHideFlags: 0
  m_Script: {fileID: 11500000, guid: 3ac77683b8f0a2a4cba8dc2cde717e9e, type: 3}
  m_Name: 
  m_EditorClassIdentifier: 
  pointLight: {fileID: 8265052929330681574}
--- !u!1 &5742134103054533164
GameObject:
  m_ObjectHideFlags: 0
  m_CorrespondingSourceObject: {fileID: 0}
  m_PrefabInstance: {fileID: 0}
  m_PrefabAsset: {fileID: 0}
  serializedVersion: 6
  m_Component:
  - component: {fileID: 4566579444941614670}
  - component: {fileID: 4063061045129017596}
  m_Layer: 0
  m_Name: Point Light
  m_TagString: Untagged
  m_Icon: {fileID: 0}
  m_NavMeshLayer: 0
  m_StaticEditorFlags: 0
  m_IsActive: 0
--- !u!4 &4566579444941614670
Transform:
  m_ObjectHideFlags: 0
  m_CorrespondingSourceObject: {fileID: 0}
  m_PrefabInstance: {fileID: 0}
  m_PrefabAsset: {fileID: 0}
  m_GameObject: {fileID: 5742134103054533164}
  m_LocalRotation: {x: 0, y: 0, z: 0, w: 1}
  m_LocalPosition: {x: -0.03, y: 1.883, z: 0.052}
  m_LocalScale: {x: 1, y: 1, z: 1}
  m_Children: []
  m_Father: {fileID: 2847521188741663025}
  m_RootOrder: 4
  m_LocalEulerAnglesHint: {x: 0, y: 0, z: 0}
--- !u!108 &4063061045129017596
Light:
  m_ObjectHideFlags: 0
  m_CorrespondingSourceObject: {fileID: 0}
  m_PrefabInstance: {fileID: 0}
  m_PrefabAsset: {fileID: 0}
  m_GameObject: {fileID: 5742134103054533164}
  m_Enabled: 1
  serializedVersion: 8
  m_Type: 2
  m_Color: {r: 0.9674486, g: 0.9811321, b: 0.58775365, a: 1}
  m_Intensity: 2
  m_Range: 0.9
  m_SpotAngle: 30
  m_CookieSize: 10
  m_Shadows:
    m_Type: 0
    m_Resolution: -1
    m_CustomResolution: -1
    m_Strength: 1
    m_Bias: 0.05
    m_NormalBias: 0.4
    m_NearPlane: 0.2
  m_Cookie: {fileID: 0}
  m_DrawHalo: 0
  m_Flare: {fileID: 0}
  m_RenderMode: 0
  m_CullingMask:
    serializedVersion: 2
    m_Bits: 4294967295
  m_Lightmapping: 4
  m_LightShadowCasterMode: 0
  m_AreaSize: {x: 1, y: 1}
  m_BounceIntensity: 1
  m_ColorTemperature: 6570
  m_UseColorTemperature: 0
  m_ShadowRadius: 0
  m_ShadowAngle: 0
--- !u!1001 &4770205414935528161
PrefabInstance:
  m_ObjectHideFlags: 0
  serializedVersion: 2
  m_Modification:
    m_TransformParent: {fileID: 2847521188741663025}
    m_Modifications:
    - target: {fileID: 133518, guid: 30cf93deff988e74e88a144bd2127c18, type: 3}
      propertyPath: m_Name
      value: Character_Knights_Soldier_01
      objectReference: {fileID: 0}
    - target: {fileID: 133518, guid: 30cf93deff988e74e88a144bd2127c18, type: 3}
      propertyPath: m_IsActive
      value: 1
      objectReference: {fileID: 0}
    - target: {fileID: 417656, guid: 30cf93deff988e74e88a144bd2127c18, type: 3}
      propertyPath: m_LocalPosition.x
      value: 0
      objectReference: {fileID: 0}
    - target: {fileID: 417656, guid: 30cf93deff988e74e88a144bd2127c18, type: 3}
      propertyPath: m_LocalPosition.y
      value: 0
      objectReference: {fileID: 0}
    - target: {fileID: 417656, guid: 30cf93deff988e74e88a144bd2127c18, type: 3}
      propertyPath: m_LocalPosition.z
      value: 0
      objectReference: {fileID: 0}
    - target: {fileID: 417656, guid: 30cf93deff988e74e88a144bd2127c18, type: 3}
      propertyPath: m_LocalRotation.x
      value: 0
      objectReference: {fileID: 0}
    - target: {fileID: 417656, guid: 30cf93deff988e74e88a144bd2127c18, type: 3}
      propertyPath: m_LocalRotation.y
      value: 0
      objectReference: {fileID: 0}
    - target: {fileID: 417656, guid: 30cf93deff988e74e88a144bd2127c18, type: 3}
      propertyPath: m_LocalRotation.z
      value: 0
      objectReference: {fileID: 0}
    - target: {fileID: 417656, guid: 30cf93deff988e74e88a144bd2127c18, type: 3}
      propertyPath: m_LocalRotation.w
      value: 1
      objectReference: {fileID: 0}
    - target: {fileID: 417656, guid: 30cf93deff988e74e88a144bd2127c18, type: 3}
      propertyPath: m_RootOrder
      value: 0
      objectReference: {fileID: 0}
    - target: {fileID: 417656, guid: 30cf93deff988e74e88a144bd2127c18, type: 3}
      propertyPath: m_LocalEulerAnglesHint.x
      value: 0
      objectReference: {fileID: 0}
    - target: {fileID: 417656, guid: 30cf93deff988e74e88a144bd2127c18, type: 3}
      propertyPath: m_LocalEulerAnglesHint.y
      value: 0
      objectReference: {fileID: 0}
    - target: {fileID: 417656, guid: 30cf93deff988e74e88a144bd2127c18, type: 3}
      propertyPath: m_LocalEulerAnglesHint.z
      value: 0
      objectReference: {fileID: 0}
    - target: {fileID: 9572094, guid: 30cf93deff988e74e88a144bd2127c18, type: 3}
      propertyPath: m_Enabled
      value: 0
      objectReference: {fileID: 0}
    - target: {fileID: 13787996, guid: 30cf93deff988e74e88a144bd2127c18, type: 3}
      propertyPath: m_Materials.Array.data[0]
      value: 
      objectReference: {fileID: 2100000, guid: bfbe2e8b331e2cc42be1591f949c0e41, type: 2}
    m_RemovedComponents:
    - {fileID: 9572094, guid: 30cf93deff988e74e88a144bd2127c18, type: 3}
  m_SourcePrefab: {fileID: 100100000, guid: 30cf93deff988e74e88a144bd2127c18, type: 3}
--- !u!4 &4770205414935993877 stripped
Transform:
  m_CorrespondingSourceObject: {fileID: 466164, guid: 30cf93deff988e74e88a144bd2127c18,
    type: 3}
  m_PrefabInstance: {fileID: 4770205414935528161}
  m_PrefabAsset: {fileID: 0}
--- !u!4 &4770205414935911391 stripped
Transform:
  m_CorrespondingSourceObject: {fileID: 448830, guid: 30cf93deff988e74e88a144bd2127c18,
    type: 3}
  m_PrefabInstance: {fileID: 4770205414935528161}
  m_PrefabAsset: {fileID: 0}
--- !u!1001 &5509183942829133626
PrefabInstance:
  m_ObjectHideFlags: 0
  serializedVersion: 2
  m_Modification:
    m_TransformParent: {fileID: 0}
    m_Modifications:
    - target: {fileID: 973492708, guid: 1674554a30b169a4f9c75b61ab4b8347, type: 3}
      propertyPath: m_Speed
      value: 4
      objectReference: {fileID: 0}
    - target: {fileID: 973492708, guid: 1674554a30b169a4f9c75b61ab4b8347, type: 3}
      propertyPath: m_BaseOffset
      value: 0
      objectReference: {fileID: 0}
    - target: {fileID: 973492711, guid: 1674554a30b169a4f9c75b61ab4b8347, type: 3}
      propertyPath: handTransform
      value: 
      objectReference: {fileID: 4770205414935911391}
    - target: {fileID: 973492711, guid: 1674554a30b169a4f9c75b61ab4b8347, type: 3}
      propertyPath: weapon
      value: 
      objectReference: {fileID: 11400000, guid: 47c23ee86012e80469365b488bd90499,
        type: 2}
    - target: {fileID: 973492711, guid: 1674554a30b169a4f9c75b61ab4b8347, type: 3}
      propertyPath: defaultWeapon
      value: 
      objectReference: {fileID: 11400000, guid: e7856ce0b19c9194c970cb7c9cff5712,
        type: 2}
    - target: {fileID: 973492711, guid: 1674554a30b169a4f9c75b61ab4b8347, type: 3}
      propertyPath: rightHandTransform
      value: 
      objectReference: {fileID: 4770205414935911391}
    - target: {fileID: 973492711, guid: 1674554a30b169a4f9c75b61ab4b8347, type: 3}
      propertyPath: leftHandTransform
      value: 
      objectReference: {fileID: 4770205414935993877}
    - target: {fileID: 114673638507997476, guid: 1674554a30b169a4f9c75b61ab4b8347,
        type: 3}
      propertyPath: takeDamage.m_PersistentCalls.m_Calls.Array.size
      value: 3
      objectReference: {fileID: 0}
    - target: {fileID: 114673638507997476, guid: 1674554a30b169a4f9c75b61ab4b8347,
        type: 3}
      propertyPath: health
      value: 20
      objectReference: {fileID: 0}
    - target: {fileID: 114673638507997476, guid: 1674554a30b169a4f9c75b61ab4b8347,
        type: 3}
      propertyPath: healthPoints
      value: 20
      objectReference: {fileID: 0}
    - target: {fileID: 114673638507997476, guid: 1674554a30b169a4f9c75b61ab4b8347,
        type: 3}
      propertyPath: takeDamage.m_PersistentCalls.m_Calls.Array.data[2].m_Mode
      value: 1
      objectReference: {fileID: 0}
    - target: {fileID: 114673638507997476, guid: 1674554a30b169a4f9c75b61ab4b8347,
        type: 3}
      propertyPath: takeDamage.m_PersistentCalls.m_Calls.Array.data[2].m_CallState
      value: 2
      objectReference: {fileID: 0}
    - target: {fileID: 114673638507997476, guid: 1674554a30b169a4f9c75b61ab4b8347,
        type: 3}
      propertyPath: takeDamage.m_PersistentCalls.m_Calls.Array.data[1].m_Target
      value: 
      objectReference: {fileID: 2608603500268725294}
    - target: {fileID: 114673638507997476, guid: 1674554a30b169a4f9c75b61ab4b8347,
        type: 3}
      propertyPath: takeDamage.m_PersistentCalls.m_Calls.Array.data[1].m_MethodName
      value: Aggrevate
      objectReference: {fileID: 0}
    - target: {fileID: 3622538689307807541, guid: 1674554a30b169a4f9c75b61ab4b8347,
        type: 3}
      propertyPath: m_RootOrder
      value: 3
      objectReference: {fileID: 0}
    - target: {fileID: 5074553268374716263, guid: 1674554a30b169a4f9c75b61ab4b8347,
        type: 3}
      propertyPath: uniqueIdentifier
      value: 3708a402-2354-4eaa-8f74-0a7e310377d1
      objectReference: {fileID: 0}
    - target: {fileID: 5624177129224421640, guid: 1674554a30b169a4f9c75b61ab4b8347,
        type: 3}
      propertyPath: m_Name
      value: Enemy
      objectReference: {fileID: 0}
    - target: {fileID: 5624177129224421640, guid: 1674554a30b169a4f9c75b61ab4b8347,
        type: 3}
      propertyPath: m_TagString
      value: Enemy
      objectReference: {fileID: 0}
    - target: {fileID: 6969419687629458576, guid: 1674554a30b169a4f9c75b61ab4b8347,
        type: 3}
      propertyPath: experiencePoints
      value: 10
      objectReference: {fileID: 0}
    - target: {fileID: 7777963896585160203, guid: 1674554a30b169a4f9c75b61ab4b8347,
        type: 3}
      propertyPath: m_LocalPosition.x
      value: 5.22
      objectReference: {fileID: 0}
    - target: {fileID: 7777963896585160203, guid: 1674554a30b169a4f9c75b61ab4b8347,
        type: 3}
      propertyPath: m_LocalPosition.y
      value: -0.21
      objectReference: {fileID: 0}
    - target: {fileID: 7777963896585160203, guid: 1674554a30b169a4f9c75b61ab4b8347,
        type: 3}
      propertyPath: m_LocalPosition.z
      value: 0
      objectReference: {fileID: 0}
    - target: {fileID: 7777963896585160203, guid: 1674554a30b169a4f9c75b61ab4b8347,
        type: 3}
      propertyPath: m_LocalRotation.x
      value: 0
      objectReference: {fileID: 0}
    - target: {fileID: 7777963896585160203, guid: 1674554a30b169a4f9c75b61ab4b8347,
        type: 3}
      propertyPath: m_LocalRotation.y
      value: 0
      objectReference: {fileID: 0}
    - target: {fileID: 7777963896585160203, guid: 1674554a30b169a4f9c75b61ab4b8347,
        type: 3}
      propertyPath: m_LocalRotation.z
      value: 0
      objectReference: {fileID: 0}
    - target: {fileID: 7777963896585160203, guid: 1674554a30b169a4f9c75b61ab4b8347,
        type: 3}
      propertyPath: m_LocalRotation.w
      value: 1
      objectReference: {fileID: 0}
    - target: {fileID: 7777963896585160203, guid: 1674554a30b169a4f9c75b61ab4b8347,
        type: 3}
      propertyPath: m_RootOrder
      value: 0
      objectReference: {fileID: 0}
    - target: {fileID: 7777963896585160203, guid: 1674554a30b169a4f9c75b61ab4b8347,
        type: 3}
      propertyPath: m_LocalEulerAnglesHint.x
      value: 0
      objectReference: {fileID: 0}
    - target: {fileID: 7777963896585160203, guid: 1674554a30b169a4f9c75b61ab4b8347,
        type: 3}
      propertyPath: m_LocalEulerAnglesHint.y
      value: 0
      objectReference: {fileID: 0}
    - target: {fileID: 7777963896585160203, guid: 1674554a30b169a4f9c75b61ab4b8347,
        type: 3}
      propertyPath: m_LocalEulerAnglesHint.z
      value: 0
      objectReference: {fileID: 0}
    - target: {fileID: 8650292945832060760, guid: 1674554a30b169a4f9c75b61ab4b8347,
        type: 3}
      propertyPath: characterClass
      value: 1
      objectReference: {fileID: 0}
    - target: {fileID: 9110454809224406823, guid: 1674554a30b169a4f9c75b61ab4b8347,
        type: 3}
      propertyPath: m_RootOrder
      value: 1
      objectReference: {fileID: 0}
    - target: {fileID: 9110454809224653151, guid: 1674554a30b169a4f9c75b61ab4b8347,
        type: 3}
      propertyPath: m_IsActive
      value: 1
      objectReference: {fileID: 0}
    m_RemovedComponents:
    - {fileID: 0}
    - {fileID: 114879535081782286, guid: 1674554a30b169a4f9c75b61ab4b8347, type: 3}
  m_SourcePrefab: {fileID: 100100000, guid: 1674554a30b169a4f9c75b61ab4b8347, type: 3}
--- !u!1 &178343906047528498 stripped
GameObject:
  m_CorrespondingSourceObject: {fileID: 5624177129224421640, guid: 1674554a30b169a4f9c75b61ab4b8347,
    type: 3}
  m_PrefabInstance: {fileID: 5509183942829133626}
  m_PrefabAsset: {fileID: 0}
--- !u!4 &2847521188741663025 stripped
Transform:
  m_CorrespondingSourceObject: {fileID: 7777963896585160203, guid: 1674554a30b169a4f9c75b61ab4b8347,
    type: 3}
  m_PrefabInstance: {fileID: 5509183942829133626}
  m_PrefabAsset: {fileID: 0}
--- !u!114 &5612587441119766046 stripped
MonoBehaviour:
  m_CorrespondingSourceObject: {fileID: 114673638507997476, guid: 1674554a30b169a4f9c75b61ab4b8347,
    type: 3}
  m_PrefabInstance: {fileID: 5509183942829133626}
  m_PrefabAsset: {fileID: 0}
  m_GameObject: {fileID: 178343906047528498}
  m_Enabled: 1
  m_EditorHideFlags: 0
  m_Script: {fileID: 11500000, guid: a3599bd04099be24f947e365a2410d6c, type: 3}
  m_Name: 
  m_EditorClassIdentifier: 
--- !u!1001 &7255336803427775459
PrefabInstance:
  m_ObjectHideFlags: 0
  serializedVersion: 2
  m_Modification:
    m_TransformParent: {fileID: 2847521188741663025}
    m_Modifications:
    - target: {fileID: 6530385233461713870, guid: 589b0510997ffbe46ba316abe9fbdb1f,
        type: 3}
      propertyPath: m_Name
      value: HealthBar
      objectReference: {fileID: 0}
    - target: {fileID: 7453764012799191391, guid: 589b0510997ffbe46ba316abe9fbdb1f,
        type: 3}
      propertyPath: m_LocalPosition.x
      value: 0
      objectReference: {fileID: 0}
    - target: {fileID: 7453764012799191391, guid: 589b0510997ffbe46ba316abe9fbdb1f,
        type: 3}
      propertyPath: m_LocalPosition.y
      value: 2.2
      objectReference: {fileID: 0}
    - target: {fileID: 7453764012799191391, guid: 589b0510997ffbe46ba316abe9fbdb1f,
        type: 3}
      propertyPath: m_LocalPosition.z
      value: 0
      objectReference: {fileID: 0}
    - target: {fileID: 7453764012799191391, guid: 589b0510997ffbe46ba316abe9fbdb1f,
        type: 3}
      propertyPath: m_LocalRotation.x
      value: 0
      objectReference: {fileID: 0}
    - target: {fileID: 7453764012799191391, guid: 589b0510997ffbe46ba316abe9fbdb1f,
        type: 3}
      propertyPath: m_LocalRotation.y
      value: 0
      objectReference: {fileID: 0}
    - target: {fileID: 7453764012799191391, guid: 589b0510997ffbe46ba316abe9fbdb1f,
        type: 3}
      propertyPath: m_LocalRotation.z
      value: 0
      objectReference: {fileID: 0}
    - target: {fileID: 7453764012799191391, guid: 589b0510997ffbe46ba316abe9fbdb1f,
        type: 3}
      propertyPath: m_LocalRotation.w
      value: 1
      objectReference: {fileID: 0}
    - target: {fileID: 7453764012799191391, guid: 589b0510997ffbe46ba316abe9fbdb1f,
        type: 3}
      propertyPath: m_RootOrder
      value: 2
      objectReference: {fileID: 0}
    - target: {fileID: 7453764012799191391, guid: 589b0510997ffbe46ba316abe9fbdb1f,
        type: 3}
      propertyPath: m_LocalEulerAnglesHint.x
      value: 0
      objectReference: {fileID: 0}
    - target: {fileID: 7453764012799191391, guid: 589b0510997ffbe46ba316abe9fbdb1f,
        type: 3}
      propertyPath: m_LocalEulerAnglesHint.y
      value: 0
      objectReference: {fileID: 0}
    - target: {fileID: 7453764012799191391, guid: 589b0510997ffbe46ba316abe9fbdb1f,
        type: 3}
      propertyPath: m_LocalEulerAnglesHint.z
      value: 0
      objectReference: {fileID: 0}
    - target: {fileID: 8890079819431775091, guid: 589b0510997ffbe46ba316abe9fbdb1f,
        type: 3}
      propertyPath: healthComponent
      value: 
      objectReference: {fileID: 5612587441119766046}
    - target: {fileID: 8890079819431775091, guid: 589b0510997ffbe46ba316abe9fbdb1f,
        type: 3}
      propertyPath: healthBarCanvas
      value: 
      objectReference: {fileID: 5132890397468961602}
    m_RemovedComponents: []
  m_SourcePrefab: {fileID: 100100000, guid: 589b0510997ffbe46ba316abe9fbdb1f, type: 3}
--- !u!223 &5132890397468961602 stripped
Canvas:
  m_CorrespondingSourceObject: {fileID: 2561302436233336993, guid: 589b0510997ffbe46ba316abe9fbdb1f,
    type: 3}
  m_PrefabInstance: {fileID: 7255336803427775459}
  m_PrefabAsset: {fileID: 0}
